@article{Fisher,
author= {A. Sarikaya, M. Correll, L. Bartram, M. Tory, and D. Fisher},
year = {2019},
title = {What Do We Talk About When We Talk About Dashboards?},
journal = {IEEE TVCG},
volume={25},
pages={682--692}
}


@BOOK{Few,
  author    = {Stephen Few},
  title     = {Information dashboard design: The effective visual communication of data},
  year      = {2006},
  publisher = {Oâ€™Reilly Media, Inc.},
  address   = {Newton, MA},
}


@article{Cook & Thomas,
author = {James J Thomas and Kristin A. Cook},
title = {Illuminating the Path: The Research and Development Agenda for Visual Analytics},
journal = {Journal of the American Statistical Association},
volume = {113},
number = {522},
pages = {489-493},
year  = {2018},
publisher = {Taylor & Francis},
doi = {10.1080/01621459.2018.1463486},
URL = { 
        https://doi.org/10.1080/01621459.2018.1463486
},
eprint = { 
        https://doi.org/10.1080/01621459.2018.1463486    
}
}

@article{Keim et al.,
author = {Daniel A. Keim, Florian Mansmann, and Jim Thomas},
title = {Visual analytics: how much visualization and how much analytics?},
journal = {Journal of the American Statistical Association},
volume = {11},
number = {2},
pages = {5-8},
year  = {2009},
publisher = {ACM SIGKDD Explorations Newsletter},
doi = {10.1145/1809400.1809403},
URL = { 
        https://doi.org/10.1145/1809400.1809403
},
eprint = { 
        https://doi.org/10.1145/1809400.1809403    
}
}