@article{fisher,
author= {A. Sarikaya, M. Correll, L. Bartram, M. Tory, and D. Fisher},
year = {2019},
title = {What Do We Talk About When We Talk About Dashboards?},
journal = {IEEE},
volume={25},
pages={682--692}
}

@BOOK{few,
  author    = {Stephen Few},
  title     = {Information dashboard design: The effective visual communication of data},
  year      = {2006},
  publisher = {Oâ€™Reilly Media, Inc.},
  address   = {Newton, MA},
}

@misc{scc,
  title = {Rural Shrink Smart},
  howpublished = {\url{https://ruralshrinksmart.org/}},
  note = {Accessed: 2021-12-01}
}

