@article{fisher,
  author={Alper Sarikaya and Michael Correll and Lyn Bartram and Melanie Tory and Danyel Fisher},
  journal={IEEE Transactions on Visualization and Computer Graphics}, 
  title={What Do We Talk About When We Talk About Dashboards?}, 
  year={2019},
  volume={25},
  number={1},
  pages={682-692},
  doi={10.1109/TVCG.2018.2864903}}


@BOOK{few,
  author    = {Stephen Few},
  title     = {Information dashboard design: The effective visual communication of data},
  year      = {2006},
  publisher = {O’Reilly Media, Inc.},
  address   = {Newton, MA},
}

@misc{scc,
  title = {Rural Shrink Smart},
  howpublished = {\url{https://ruralshrinksmart.org/}},
  year = {2022},
  author = {{Rural Shrink Smart Team}},
  note = {Accessed: 2021-12-01}
}

@misc{usda,
  title = {Rural-Urban Commuting Area Codes},
  howpublished = {\url{https://www.ers.usda.gov/data-products/rural-urban-commuting-area-codes/}},
  year = {2020},
  author = {{USDA - ERS}},
  note = {Accessed: 2022-04-01}
}

@misc{irr,
  title = {The Index of Relative Rurality (IRR) : US County Data for 2000 and 2010},
  howpublished = {\url{https://purr.purdue.edu/publications/2960/1}},
  year = {2018},
  author = {Brigitte Waldorf and Ayoung Kim},
  note = {Accessed: 2022-04-01}
}

@article{dedonno,
author= {Michael A. DeDonno},
year = {2016},
title = {The influence of IQ on pure discovery and guided discovery learning of a complex real-world task},
journal = {Learning and Individual Differences},
volume={49},
pages={11--16}
}

@article{mayer,
author= {Richard E. Mayer},
year = {2004},
title = {Should There Be a Three-Strikes Rule Against Pure Discovery Learning?},
journal = {American Psychologist},
volume={59},
pages={14--19}
}

@article{lee,
author= {Sukwon Lee and Sung-Hee Kim and Ya-Hsin Hung and Heidi Lam and Youn-ah Kang and Ji Soo Yi},
year = {2016},
title = {How do People Make Sense of Unfamiliar Visualizations?: A Grounded Model of Novice’s Information Visualization Sensemaking},
journal = {IEEE},
volume={22},
pages={499--508}
}
